<?xml version="1.0" encoding="UTF-8"?><record xmlns="http://www.loc.gov/MARC21/slim" xmlns:cinclude="http://apache.org/cocoon/include/1.0" xmlns:zs="http://www.loc.gov/zing/srw/">
  <leader>00379nz  a2200121n  4500</leader>
  <controlfield tag="001">n 2010051757</controlfield>
  <controlfield tag="003">DLC</controlfield>
  <controlfield tag="005">20100810093746.0</controlfield>
  <controlfield tag="008">100809n| acannaabn          |n aaa      </controlfield>
  <datafield tag="010" ind1=" " ind2=" ">
    <subfield code="a">n 2010051757</subfield>
  </datafield>
  <datafield tag="040" ind1=" " ind2=" ">
    <subfield code="a">DLC</subfield>
    <subfield code="b">eng</subfield>
    <subfield code="c">DLC</subfield>
  </datafield>
  <datafield tag="100" ind1="1" ind2=" ">
    <subfield code="a">Błażejowski, Marcin</subfield>
  </datafield>
  <datafield tag="670" ind1=" " ind2=" ">
    <subfield code="a">Ekonometryczne modelowanie popytu konsumpcyjnego na podstawie danych dziennych, 2009:</subfield>
    <subfield code="b">t.p. (Marcin Błażejowski)</subfield>
  </datafield>
</record>